<?xml version="1.0" encoding="UTF-8"?><collection xmlns="http://www.loc.gov/MARC21/slim"><record><leader>00462nam--2200145-i-4500</leader><controlfield tag="001">000036558</controlfield><controlfield tag="002">20161230</controlfield><controlfield tag="005">20161230201041</controlfield><controlfield tag="008">060222s1000------------r-----000-0-eng-d</controlfield><datafield ind1=" " ind2=" " tag="080"><subfield code="a">621.396</subfield></datafield><datafield ind1=" " ind2=" " tag="100"><subfield code="a">Plahotmic, S.M</subfield></datafield><datafield ind1=" " ind2=" " tag="245"><subfield code="a">Tehnologia productiei aparatajului de radio. trad.din lb.rusa (uz intern)</subfield></datafield><datafield ind1=" " ind2=" " tag="260"><subfield code="a">Bucuresti, Ef.De Presa, Ed.Si Docum., Meeie, 1951, 188p.+ 3 Pl</subfield></datafield><datafield ind1=" " ind2=" " tag="490"><subfield code="a">Ministerul Energiei Electrice Si Ind.Electrotehnice</subfield></datafield><datafield ind1=" " ind2=" " tag="852"><subfield code="a">1994</subfield></datafield></record></collection>